@Book{CupicUvod,
  author = 	 {Marko Čupić},
  title = 	 {{Umjetna Inteligencija - Uvod u strojno učenje}},
  year = 	 {2022},
  note =     { http://java.zemris.fer.hr/nastava/ui/ml/ml-20220430.pdf }
}

@misc{OpenAIWhitepaper,
  Author = {Greg Brockman and Vicki Cheung and Ludwig Pettersson and Jonas Schneider and John Schulman and Jie Tang and Wojciech Zaremba},
  Title = {OpenAI Gym},
  Year = {2016},
  Eprint = {arXiv:1606.01540},
}

@article{OpenAIALE,
  author = {{Bellemare}, M.~G. and {Naddaf}, Y. and {Veness}, J. and {Bowling}, M.},
  title = {The Arcade Learning Environment: An Evaluation Platform for General Agents},
  journal = {Journal of Artificial Intelligence Research},
  year = "2013",
  month = "jun",
  volume = "47",
  pages = "253--279",
}

@article{NNsvg,
  doi = {10.21105/joss.00747},
  url = {https://doi.org/10.21105/joss.00747},
  year = {2019},
  publisher = {The Open Journal},
  volume = {4},
  number = {33},
  pages = {747},
  author = {Alexander LeNail},
  title = {NN-SVG: Publication-Ready Neural Network Architecture Schematics},
  journal = {Journal of Open Source Software}
}

@article{AleDeterministic,
  author    = {Marlos C. Machado and
               Marc G. Bellemare and
               Erik Talvitie and
               Joel Veness and
               Matthew J. Hausknecht and
               Michael Bowling},
  title     = {Revisiting the Arcade Learning Environment: Evaluation Protocols and
               Open Problems for General Agents},
  journal   = {CoRR},
  volume    = {abs/1709.06009},
  year      = {2017},
  url       = {http://arxiv.org/abs/1709.06009},
  eprinttype = {arXiv},
  eprint    = {1709.06009},
  timestamp = {Mon, 13 Aug 2018 16:47:17 +0200},
  biburl    = {https://dblp.org/rec/journals/corr/abs-1709-06009.bib},
  bibsource = {dblp computer science bibliography, https://dblp.org}
}